%============================================================================================
% LUKE PHD THESIS BIBTEX FILE
% ---------------------------
% Sorted chronologically
%============================================================================================

@misc{facebook_outage,
  author={Robert Johnson},
  title={More Details on Today's Outage},
  howpublished={website},
  year={2010},
  month={September},
  url={https://www.facebook.com/notes/facebook-engineering/more-details-on-todays-outage/431441338919/}
}
